<?xml version="1.0" encoding="UTF-8"?><collection xmlns="http://www.loc.gov/MARC21/slim"><record><leader>00438nam--2200145-i-4500</leader><controlfield tag="001">000041622</controlfield><controlfield tag="002">20161230</controlfield><controlfield tag="005">20161230201043</controlfield><controlfield tag="008">060222s1000------------r-----000-0-eng-d</controlfield><datafield ind1=" " ind2=" " tag="080"><subfield code="a">621.039.566:621.039.516.4</subfield></datafield><datafield ind1=" " ind2=" " tag="100"><subfield code="a">Silvennoinen,P</subfield></datafield><datafield ind1=" " ind2=" " tag="245"><subfield code="a">Reactor core fuel management</subfield></datafield><datafield ind1=" " ind2=" " tag="260"><subfield code="a">Oxford, Pergamon Press, 1976. Xii + 257 P</subfield></datafield><datafield ind1=" " ind2=" " tag="490"><subfield code="a">Pergamon Int.Library Of Science, Technology,Engineering And Social Studies</subfield></datafield><datafield ind1=" " ind2=" " tag="852"><subfield code="a">45306</subfield></datafield></record></collection>